@MISC{ONSa,
	HOWPUBLISHED = "\url{https://www.ons.gov.uk/employmentandlabourmarket/peopleinwork/employmentandemployeetypes/methodologies/labourforcesurveyuserguidance}",
	AUTHOR = "ONS",
	TITLE = "Labour Force Survey User Guide: Volume 1 – LFS Background and methodology",
	MONTH = "Jan",
	YEAR = "2020",
	NOTE = "Accessed on 12/11/2020"
}

@ARTICLE{Jann,
    AUTHOR="Ben Jann",
    TITLE="The Blinder-Oaxaca decomposition for linear regression models: A Stata implementation of the Blinder-Oaxaca decomposition",
    JOURNAL="The Stata Journal 8(4): 453-479",
    YEAR="2008",
}

@ARTICLE{Heckmana,
    AUTHOR="James Heckman",
    TITLE="The Common Structure of Statistical Models of Truncation, Sample Selection and Limited Dependent Variables and a Simple Estimator for Such Models",
    JOURNAL="Annals of Econometrics and Social Measurement 5: 475–492",
    YEAR="1976",
}

@ARTICLE{Heckmanb,
    AUTHOR="James Heckman",
    TITLE="Sample Selection Bias as a Specification Error",
    JOURNAL="Econometrica 47: 153–161",
    YEAR="1979",
}

@ARTICLE{GOVa,
    AUTHOR="Jane Dacre and Carol Woodhams and Carol Atkinson and Ioannis Laliotis and Mark Williams and Jo Blanden and Sheila Wild and Duncan Brown",
    TITLE="Mend the Gap: The Independent Review into Gender Pay Gaps in Medicine in England",
    JOURNAL="Department of Health and Social Care",
    YEAR="2020",
}

@BOOK{WB,
AUTHOR="Owen O'Donnell and Eddy van Doorslaer and Adam Wagstaff and Magnus Lindelow",
TITLE="Analyzing Health Equity Using Household Survey Data : A Guide to Techniques and Their Implementation",
PUBLISHER="World Bank, DOI 10.1596/978-0-8213-6933-3",
YEAR="2008",
}

@ARTICLE{BoE,
    AUTHOR="Zahid Amadxarif and Marilena Angeli and Andrew G Haldane and Gabija Zemaityte",
    TITLE="Understanding pay gaps",
    JOURNAL="Bank of England, ISSN 1749-9135",
    YEAR="2020",
}

@ARTICLE{Blinder,
    AUTHOR="Blinder, A. S",
    TITLE="Wage discimination: Reduced form and structural estimates",
    JOURNAL="Journal of Human Resources 8: 436–455",
    YEAR="1973",
}

@ARTICLE{Bayard,
    AUTHOR="Bayard, Kimberly and Hellerstein, Judith and Neumark, David and Troske, Kenneth",
    TITLE="Why Are Racial and Ethnic Wage Gaps Larger for Men than for Women? Exploring the Role of Segregation Using the New Worker-Establishment Characteristics Database",
    JOURNAL="Labor and Demography 9902002, University Library of Munich, Germany",
    YEAR="1999",
}

@ARTICLE{Heitmueller,
    AUTHOR="Axel Heitmueller",
    TITLE="A Note on Decompositions in Fixed Effects Models in the Presence of Time-Invariant Characteristics",
    JOURNAL="Institute for the Study of Labor, IZA DP No. 1886",
    YEAR="2005",
}

@ARTICLE{Brynin,
    AUTHOR="Malcolm Brynin and Ayse Güveli",
    TITLE="Understanding the ethnic pay gap in Britain",
    JOURNAL="Work, employment and society 26(4) 574–587 DOI: 10.1177/0950017012445095",
    YEAR="2012",
}

@ARTICLE{Olsen,
    AUTHOR="Wendy Olsen and Sylvia Walby",
    TITLE="Modelling gender pay gaps",
    JOURNAL="Equal Opportunities Commission",
    YEAR="2004",
}

@ARTICLE{Longhi,
    AUTHOR="Simonetta Longhi and Cheti Nicoletti and Lucinda Platt",
    TITLE="Decomposing wage gaps across the pay distribution: Investigating inequalities of ethno-religious groups and disabled people",
    JOURNAL="Institute for Social and Economic Research, No. 2009-31",
    YEAR="2009",
}

@ARTICLE{Platt,
    AUTHOR="Platt, L",
    TITLE="Poverty and Ethnicity in the UK",
    JOURNAL="Joseph Rowntree Foundation, ISBN 9781859358351",
    YEAR="2007",
}

@ARTICLE{Longhi2,
    AUTHOR="Longhi, S. and Platt, L.",
    TITLE="Pay Gaps Across Equalities Areas",
    JOURNAL="Equalities and Human Rights Commission, EHRC Research Report 9, ISBN 978 1 84206 078 0",
    YEAR="2008",
} 

@ARTICLE{Shields,
    AUTHOR="Michael A. Shields and Stephen Wheatley Price",
    TITLE="The earnings of male immigrants in England: evidence from the quarterly LFS",
    JOURNAL="Applied Economics, 30, 1157± 1168",
    YEAR="1998",
} 

@ARTICLE{Walby,
    AUTHOR="Walby, S. and Olsen, W.",
    TITLE="The Impact of Women’s Position in the Labour Market on Pay and Implications for Productivity",
    JOURNAL="London: Women and Equality Unit (DTI)",
    YEAR="2002",
} 

@ARTICLE{Berthoud,
    AUTHOR="Richard Berthoud",
    TITLE="Ethnic employment penalties in Britain",
    JOURNAL="Ethnic and Migration Studies, 26:3, 389-416, DOI: 10.1080/713680490",
    YEAR="2000",
}

@ARTICLE{Clarke,
    AUTHOR="P. S. Clarke and P. F. Tate",
    TITLE="Methodological issues in the production and analysis of longitudinal data from the Labour Force Survey",
    JOURNAL="ONS Government Statistical Service Methodology Series No 17 IBSN 1 85774 332 6",
    YEAR="1999",
}

@ARTICLE{Davies,
    AUTHOR="Rhys Davies and Paul Jones",
    TITLE="Trends and context to rates of workplace injury",
    JOURNAL="Health and Safety Executive RESEARCH REPORT 386",
    YEAR="2005",
}

@MISC{ONSb,
	HOWPUBLISHED = "\url{https://www.ons.gov.uk/employmentandlabourmarket/peopleinwork/employmentandemployeetypes/methodologies/labourforcesurveyperformanceandqualitymonitoringreports/labourforcesurveyperformanceandqualitymonitoringreportjanuarytomarch2020}",
	AUTHOR = "ONS",
	TITLE = "Labour Force Survey performance and quality monitoring report: January to March 2020",
    MONTH = "Apr",
	YEAR = "2020",
	NOTE = "Accessed on 17/02/2021"
}

@ARTICLE{Nizalova,
    AUTHOR="Nizalova, O. and Sliusarenko, T. and Shpak, S.",
    TITLE="The motherhood wage penalty in times of transition",
    JOURNAL="Journal of Comparative Economics, 44(1), pp.56-75",
    YEAR="2016",
}

@inbook{Mincer,
 title = "Education, Experience, and the Distribution of Earnings and Employment: An Overview",
 author = "Jacob Mincer",
 BookTitle = "Education, Income, and Human Behavior",
 Publisher = "NBER",
 pages = "71-94",
 year = "1975",
 URL = "http://www.nber.org/chapters/c3693",
}

@ARTICLE{Glauber,
    AUTHOR="Glauber, R.",
    TITLE="Trends in the Motherhood Wage Penalty and Fatherhood Wage Premium for Low, Middle, and High Earners",
    JOURNAL="Demography 55, 1663–1680. https://doi.org/10.1007/s13524-018-0712-5",
    YEAR="2019",
}
 
@MISC{ONSc,
	HOWPUBLISHED = "\url{https://www.ons.gov.uk/employmentandlabourmarket/peopleinwork/earningsandworkinghours/datasets/agegroupashetable6}",
	AUTHOR = "ONS",
	TITLE = "Earnings and hours worked, age group: ASHE Table 6",
    MONTH = "Nov",
	YEAR = "2020",
	NOTE = "Accessed on 26/02/2021"
} 

@article{Waldfogel,
 ISSN = {00031224},
 URL = {http://www.jstor.org/stable/2657300},
 author = {Jane Waldfogel},
 journal = {American Sociological Review},
 number = {2},
 pages = {209--217},
 publisher = {[American Sociological Association, Sage Publications, Inc.]},
 title = {The Effect of Children on Women's Wages},
 volume = {62},
 year = {1997}
}

@article{Cooke,
title = "Class differences in establishment pathways to fatherhood wage premiums",
keywords = "Canadian families, fatherhood, income or wages, paternal employment",
author = "Cooke, {Lynn Prince} and Sylvia Fuller",
year = "2018",
doi = "10.1111/jomf.12475",
volume = "80",
pages = "737--751",
journal = "Journal of Marriage and Family",
issn = "0022-2445",
publisher = "Wiley-Blackwell",
number = "3",
}

@inbook{Thaler,
 title = "The Value of Saving a Life: Evidence from the Labor Market",
 author = "Richard Thaler and Sherwin Rosen",
 BookTitle = "Household Production and Consumption",
 Publisher = "NBER",
 pages = "265-302",
 year = "1976",
 URL = "http://www.nber.org/chapters/c3964",
}

@ARTICLE{Altonji,
    AUTHOR="Joseph Altonji and Rebecca Blank",
    TITLE="Race and gender in the labor market",
    JOURNAL="Chapter 48 in Handbook of Labor Economics, 1999, vol. 3, Part C, pp 3143-3259",
    YEAR="1999",
}

@ARTICLE{Hedman,
    AUTHOR="Hedman L, Manley D, van Ham M",
    TITLE="Using sibling data to explore the impact of neighbourhood histories and childhood family context on income from work",
    JOURNAL="PLoS ONE 14(5): e0217635. https://doi.org/10.1371/journal.pone.0217635",
    YEAR="2019",
}

@ARTICLE{Lundberg,
    AUTHOR="Lundberg, Shelly & Startz, Richard",
    TITLE="On the Persistence of Racial Inequality",
    JOURNAL="Journal of Labor Economics. University of Chicago Press, vol. 16(2), pages 292-323, DOI: 10.1086/209890",
    YEAR="1998",
}

@ARTICLE{LundbergB,
    AUTHOR="Lundberg, Shelly J. and Startz, Richard",
    TITLE="Inequality and Race: Models and Policy",
    JOURNAL="http://dx.doi.org/10.2139/ssrn.148335",
    YEAR="1998",
}

@article{Coate,
 ISSN = {00028282},
 URL = {http://www.jstor.org/stable/2117558},
 author = {Stephen Coate and Glenn C. Loury},
 journal = {The American Economic Review},
 number = {5},
 pages = {1220--1240},
 publisher = {American Economic Association},
 title = {Will Affirmative-Action Policies Eliminate Negative Stereotypes?},
 volume = {83},
 year = {1993}
}

@ARTICLE{Arrow,
    AUTHOR="K. J. Arrow",
    TITLE="The Theory of Discrimination",
    JOURNAL="http://dx.doi.org/10.2139/ssrn.148335In: O. Ashenfelter and A. Rees, Eds., Discrimination in Labor Markets, Princeton University Press, Princeton",
    YEAR="1973",
}

@article{Welch,
 ISSN = {00223808, 1537534X},
 URL = {http://www.jstor.org/stable/1831105},
 author = {Finis Welch},
 journal = {Journal of Political Economy},
 number = {4},
 pages = {S105--S141},
 publisher = {University of Chicago Press},
 title = {Employment Quotas for Minorities},
 volume = {84},
 year = {1976}
}

@MISC{GOV,
	HOWPUBLISHED = "\url{legislation.gov.uk}",
	AUTHOR = "GOV.UK",
	TITLE = "Race Relations Act",
	MONTH = "",
	YEAR = "1965",
	NOTE = "The National Archives, Accessed on 27/02/2021"
}

@ARTICLE{Sooben,
    AUTHOR="Philip N. Sooben",
    TITLE="The Origins of the Race Relations Act",
    JOURNAL="Research Paper in Ethnic Relations No.12, Centre for Research in Ethnic Relations",
    YEAR="1990",
}

@ARTICLE{Solomos,
    AUTHOR="Solomos, J",
    TITLE="Race and racism in Britain",
    JOURNAL="Third Edition, Palgrave Macmillian, p86-87",
    YEAR="2003",
}

@ARTICLE{Brown,
    AUTHOR="Jennifer Brown",
    TITLE="An early history of British race relations legislation",
    JOURNAL="Briefing Paper Number 8360",
    YEAR="2018",
}

@MISC{GOVb,
	HOWPUBLISHED = "\url{https://www.legislation.gov.uk/ukpga/Vict/45-46/75/enacted}",
	AUTHOR = "GOV.UK",
	TITLE = "Married Women’s Property Act",
	MONTH = "",
	YEAR = "1882",
	NOTE = "Accessed on 27/02/2021"
}

@MISC{GOVc,
	HOWPUBLISHED = "\url{https://www.legislation.gov.uk/ukpga/1970/41/enacted}",
	AUTHOR = "GOV.UK",
	TITLE = "Equal Pay Act",
	MONTH = "",
	YEAR = "1970",
	NOTE = "Accessed on 27/02/2021"
}

@MISC{GOVd,
	HOWPUBLISHED = "\url{https://www.legislation.gov.uk/ukpga/1975/65}",
	AUTHOR = "GOV.UK",
	TITLE = "Sex Discrimination Act",
	MONTH = "",
	YEAR = "1975",
	NOTE = "Accessed on 27/02/2021"
}

@MISC{ONSd,
	HOWPUBLISHED = "\url{https://www.ons.gov.uk/peoplepopulationandcommunity/populationandmigration/populationestimates/datasets/populationcharacteristicsresearchtables}",
	AUTHOR = "ONS",
	TITLE = "Population characteristics research tables",
    MONTH = "Dec",
	YEAR = "2019",
	NOTE = "Accessed on 27/02/2021"
} 


@MISC{ONSe,
	HOWPUBLISHED = "\url{https://www.ons.gov.uk/employmentandlabourmarket/peopleinwork/earningsandworkinghours/articles/ethnicitypaygapsingreatbritain/2018}",
	AUTHOR = "ONS",
	TITLE = "Ethnicity pay gaps in Great Britain: 2018",
    MONTH = "Dec",
	YEAR = "2018",
	NOTE = "Accessed on 27/02/2021"
} 

@MISC{ONSf,
	HOWPUBLISHED = "\url{https://www.ons.gov.uk/employmentandlabourmarket/peopleinwork/employmentandemployeetypes/datasets/headlinelabourforcesurveyindicatorsforallregionshi00}",
	AUTHOR = "ONS",
	TITLE = "Survey indicators for all regions",
    MONTH = "Feb",
	YEAR = "2021",
	NOTE = "Accessed on 27/02/2021"
} 

@MISC{US,
	HOWPUBLISHED = "University of Essex, Institute for Social and Economic Research, NatCen Social Research, Kantar Public [data collection]. 13th Edition. UK Data Service. SN: 6614, http://doi.org/10.5255/UKDA-SN-6614-14.",
	AUTHOR = "US",
	TITLE = "Understanding Society: Waves 1-10, 2009-2019 and Harmonised BHPS: Waves 1-18, 1991-2009.",
    MONTH = "",
	YEAR = "2020",
	NOTE = "Accessed on 15/01/2021"
} 

@Book{Jones,
author = {Trevor Jones},
title = { Britain's ethnic minorities : an analysis of the Labour Force Survey},
isbn = { 0853745528 },
publisher = { Policy Studies Institute London },
pages = { xi, 166 p. ; },
year = { 1993 },
type = { Book },
language = { English },
catalogue-url = { https://nla.gov.au/nla.cat-vn1292031 },
}

@article{Glauberb,
 ISSN = {08912432},
 URL = {http://www.jstor.org/stable/27641036},
 author = {Rebecca Glauber},
 journal = {Gender and Society},
 number = {1},
 pages = {8--30},
 publisher = {Sage Publications, Inc.},
 title = {Race and Gender in Families and at Work: The Fatherhood Wage Premium},
 volume = {22},
 year = {2008}
}

@book{Becker,
  title={The economics of discrimination},
  author={Becker, Gary S},
  year={1957},
  publisher={The University of Chicago Press, Chicago & London}
}

@BOOK{Barr,
AUTHOR="Nicholas Barr",
TITLE="Economics of the Welfare State",
PUBLISHER="Oxford University Press",
YEAR="2012",
}

@MISC{WorldBank,
	HOWPUBLISHED = "\url{https://fred.stlouisfed.org/series/FPCPITOTLZGGBR}",
	AUTHOR = "World-Bank",
	TITLE = "Inflation, consumer prices for the United Kingdom [FPCPITOTLZGGBR], retrieved from FRED (Federal Reserve Bank of St. Louis)",
    MONTH = "Mar",
	YEAR = "2020",
	NOTE = "Accessed on 01/03/2021"
} 

@ARTICLE{Ahituv,
    AUTHOR="Avner Ahituv and Robert I. Lerman",
    TITLE="How Do Marital Status, Wage Rates, and Work Commitment Interact?",
    JOURNAL="Institute for the Study of Labor, IZA DP No. 1688",
    YEAR="2005",
}

@MISC{Spriggs,
	HOWPUBLISHED = "\url{https://www.minneapolisfed.org/~/media/assets/people/william-spriggs/spriggs-letter_0609_b.pdf}",
	AUTHOR = "Bill Spriggs",
	TITLE = "Is now a teachable moment for economists? An open letter to economists from Bill Spriggs",
    MONTH = "Jun",
	YEAR = "2020",
	NOTE = "Accessed on 01/03/2021"
} 

@ARTICLE{Leslie,
    AUTHOR="Derek Leslie and Stephen Drinkwatr",
    TITLE="Staying on in Full‐Time Education: Reasons for Higher Participation Rates Among Ethnic Minority Males and Females",
    JOURNAL="Economica 66:63–77, https://doi.org/10.1111/1468-0335.00156",
    YEAR="1999",
}

@ARTICLE{Metcalf,
    AUTHOR="Hilary Metcalf",
    TITLE="Pay gaps across the equality strands: a review",
    JOURNAL="National Institute of Economic and Social Research, Research report: 14",
    YEAR="2009",
}

@ARTICLE{Gove,
    AUTHOR="GOV",
    TITLE="National minimum wage: Low Pay Commission report 2008",
    JOURNAL="Low Pay Commission (2008) National Minimum Wage. Low Pay Commission Report 2008. Cm 7333.",
    YEAR="2008",
}

@article{Heath,
  title={Ethnic penalties in the labour market: Employers and discrimination},
  author={Heath, Anthony and Cheung, Sin Yi},
  year={2006},
  journal={Department for Work and Pensions Research Report No 341},
  publisher={CDS London}
}

@article{Noon,
 ISSN = {00279501, 17413036},
 URL = {http://www.jstor.org/stable/23872658},
 author = {Mike Noon and Kim Hoque},
 journal = {National Institute Economic Review},
 number = {176},
 pages = {105--116},
 publisher = {Sage Publications, Ltd.},
 title = {ETHNIC MINORITIES AND EQUAL TREATMENT: THE IMPACT OF GENDER, EQUAL OPPORTUNITIES POLICIES AND TRADE UNIONS},
 year = {2001}
}

@article{Blackaby,
title = {Born in Britain: How are native ethnic minorities faring in the British labour market?},
journal = {Economics Letters},
volume = {88},
number = {3},
pages = {370-375},
year = {2005},
issn = {0165-1765},
doi = {https://doi.org/10.1016/j.econlet.2005.03.008},
url = {https://www.sciencedirect.com/science/article/pii/S0165176505001424},
author = {D.H. Blackaby and D.G. Leslie and P.D. Murphy and N.C. O'Leary},
keywords = {Discrimination, Earnings, Unemployment},
}

@article{Johnston,
author = {Ron Johnston and Ibrahim Sirkeci and Nabil Khattab and Tariq Modood},
title ={Ethno-Religious Categories and Measuring Occupational Attainment in Relation to Education in England and Wales: A Multilevel Analysis},
journal = {Environment and Planning A: Economy and Space},
volume = {42},
number = {3},
pages = {578-591},
year = {2010},
doi = {10.1068/a42180},

URL = { 
        https://doi.org/10.1068/a42180
    
},
eprint = { 
        https://doi.org/10.1068/a42180
}
}

@MISC{ONS,
	HOWPUBLISHED = "\url{https://www.ons.gov.uk/surveys/informationforhouseholdsandindividuals/householdandindividualsurveys/labourforcesurvey}",
	AUTHOR = "ONS",
	TITLE = "Labour Force Survey",
	MONTH = "",
	YEAR = "2020",
	NOTE = "Accessed on 04/12/2020"
}

@MISC{ONSg,
	HOWPUBLISHED = "\url{https://www.ons.gov.uk/employmentandlabourmarket/peopleinwork/employmentandemployeetypes/methodologies/labourforcesurveylfsqmiy}",
	AUTHOR = "ONS",
	TITLE = "Labour Force Survey (LFS) QMI",
	MONTH = "",
	YEAR = "2015",
	NOTE = "Accessed on 08/12/2020"
}

@MISC{ONSh,
	HOWPUBLISHED = "\url{https://www.ons.gov.uk/economy/grossdomesticproductgdp/timeseries/l8gg/qna}",
	AUTHOR = "ONS",
	TITLE = "Implied GDP deflator at market prices: SA Index",
	MONTH = "",
	YEAR = "2020",
	NOTE = "Accessed on 15/02/2021"
}

@article{Barsky,
 ISSN = {01621459},
 URL = {http://www.jstor.org/stable/3085702},
 AUTHOR = "Barsky, R. and Bound, J. and Charles, K. and Lupton, J.",
 journal = {Journal of the American Statistical Association},
 number = {459},
 pages = {663--673},
 publisher = {[American Statistical Association, Taylor & Francis, Ltd.]},
 title = "Accounting for the Black-White Wealth Gap: A Nonparametric Approach",
 volume = {97},
 year = {2002}
 }

@MISC{GOVf,
	HOWPUBLISHED = "\url{https://assets.publishing.service.gov.uk/government/uploads/system/uploads/attachment_data/file/500317/self-employed-income.pdf}",
	AUTHOR = "GOV",
	TITLE = "The income of the self-employed",
	MONTH = "Feb",
	YEAR = "2016",
	NOTE = "Accessed on 15/02/2021"
}

@MISC{ONSi,
	HOWPUBLISHED = "\url{https://www.ons.gov.uk/employmentandlabourmarket/peopleinwork/earningsandworkinghours/articles/analysisofthedistributionofearningsacrosstheukusingashedata/2016}",
	AUTHOR = "ONS",
	TITLE = "Analysis of the distribution of earnings across the UK using Annual Survey of Hours and Earnings (ASHE) data: 2016",
	MONTH = "Oct",
	YEAR = "2016",
	NOTE = "Accessed on 03/03/2021"
}

@ARTICLE{IFS,
    AUTHOR="Monica Costa Dias and Robert Joyce and Francesca Parodi",
    TITLE="Wage progression and the gender wage gap: the causal impact of hours of work",
    JOURNAL="IFS Briefing note BN223 DOI: 10.1920/BN.IFS.2018.BN0223, ISBN: 978-1-911102-78-6",
    YEAR="2018",
}

@article{MincerA,
 ISSN = {00223808, 1537534X},
 URL = {http://www.jstor.org/stable/1827422},
 author = {Jacob Mincer},
 journal = {Journal of Political Economy},
 number = {4},
 pages = {281--302},
 publisher = {University of Chicago Press},
 title = {Investment in Human Capital and Personal Income Distribution},
 volume = {66},
 year = {1958}
}

@article{Bell,
 ISSN = {00223808, 1537534X},
 URL = {http://www.jstor.org/stable/1827422},
 author = {Brian Bell and Stephen Nickell and Glenda Quintini},
 journal = {Centre for Economic Performance, ISBN 0 7530 1412 2},
 publisher = {London School of Economics and Political Science},
 title = {Wage Equations, Wage Curves and All That},
 year = {2000}
}
@ARTICLE{Longhi3,
    AUTHOR="Simonetta Longhi and Malcolm Brynin",
    TITLE="Research report 108: the ethnicity pay gap",
    JOURNAL="Third Edition, Palgrave Macmillian, p86-87",
    YEAR="2003",
}

@ARTICLE{Baldwin,
    AUTHOR="Marjorie Baldwin and William G. Johnson",
    TITLE="Labor Market Discrimination Against Men with Disabilities in the Year of the ADA",
    JOURNAL="Southern Economic Journal, 2000, vol. 66, issue 3, 548-566",
    YEAR="2000",
}

@MISC{GOVg,
	HOWPUBLISHED = "\url{https://assets.publishing.service.gov.uk/government/uploads/system/uploads/attachment_data/file/594336/race-in-workplace-mcgregor-smith-review.pdf}",
	AUTHOR = "GOV.UK",
	TITLE = "Race in the workplace- The McGregor Smith review",
	MONTH = "Feb",
	YEAR = "2017",
	NOTE = ""
}

@ARTICLE{Olsenb,
    AUTHOR="Olsen, W and Gash, V and Kim, S and Zhang, M",
    TITLE="The gender pay gap in the UK: evidence from the UKHLS",
    JOURNAL="Research report, Government Equalities Office, May 2018",
    YEAR="2018",
} %not sure what place references this